;; date: 2018-06-28
;; info: {"filename": "<testdata>/test_basic/transactions/Intelligent_Transactions_20201115-180120.CSV", "line": 17, "type": "text/csv"}

; features: []
2018-06-28 * "Margin Interest - INTEREST 05/30THRU 06/27"
  Assets:Schwab:Intelligent-4321:Cash  -0.05 USD
    date: 2018-06-28
    schwab_action: "Margin Interest"
    source_desc: "INTEREST 05/30THRU 06/27"
  Income:Interest:Schwab                0.05 USD

;; date: 2019-06-11
;; info: {"filename": "<testdata>/test_basic/transactions/Intelligent_Transactions_20201115-180120.CSV", "line": 16, "type": "text/csv"}

; features: [
;             {
;               "amount": "-1.05 USD",
;               "date": "2019-06-11",
;               "key_value_pairs": {
;                 "desc": "NOKIA CORP FSPONSORED ADR 1 ADR REPS 1 ORD SHS",
;                 "schwab_action": "Foreign Tax Paid"
;               },
;               "source_account": "Assets:Schwab:Intelligent-4321:Cash"
;             }
;           ]
2019-06-11 * "INVBANKTRAN - NOKIA CORP FSPONSORED ADR 1 ADR REPS 1 ORD SHS"
  Assets:Schwab:Intelligent-4321:Cash  -1.05 USD
    date: 2019-06-11
    schwab_action: "Foreign Tax Paid"
    source_desc: "NOKIA CORP FSPONSORED ADR 1 ADR REPS 1 ORD SHS"
  Expenses:FIXME                        1.05 USD

;; date: 2019-06-11
;; info: {"filename": "<testdata>/test_basic/transactions/Intelligent_Transactions_20201115-180120.CSV", "line": 15, "type": "text/csv"}

; features: []
2019-06-11 * "ADR Mgmt Fee - NOKIA CORP FSPONSORED ADR 1 ADR REPS 1 ORD SHS"
  Assets:Schwab:Intelligent-4321:Cash  -0.47 USD
    date: 2019-06-11
    schwab_action: "ADR Mgmt Fee"
    source_desc: "NOKIA CORP FSPONSORED ADR 1 ADR REPS 1 ORD SHS"
  Expenses:Brokerage-Fees:Schwab        0.47 USD

;; date: 2019-06-11
;; info: {"filename": "<testdata>/test_basic/transactions/Intelligent_Transactions_20201115-180120.CSV", "line": 14, "type": "text/csv"}

; features: []
2019-06-11 * "INCOME - DIV - NOKIA CORP FSPONSORED ADR 1 ADR REPS 1 ORD SHS"
  Assets:Schwab:Intelligent-4321:Cash   6.32 USD
    date: 2019-06-11
    schwab_action: "Qualified Dividend"
    source_desc: "NOKIA CORP FSPONSORED ADR 1 ADR REPS 1 ORD SHS"
  Income:Dividend:Schwab:NOK           -6.32 USD

;; date: 2019-11-22
;; info: {"filename": "<testdata>/test_basic/transactions/EAC_Checking_Transactions_20201223-160009.CSV", "line": 15, "type": "text/csv"}

; features: [
;             {
;               "amount": "-1234.11 USD",
;               "date": "2019-11-22",
;               "key_value_pairs": {
;                 "desc": "Check Paid #1002",
;                 "schwab_action": "CHECK"
;               },
;               "source_account": "Assets:Schwab:Checking"
;             }
;           ]
2019-11-22 * "CHECK - Check Paid #1002"
  Assets:Schwab:Checking  -1234.11 USD
    date: 2019-11-22
    schwab_action: "CHECK"
    source_desc: "Check Paid #1002"
  Expenses:FIXME           1234.11 USD

;; date: 2019-12-20
;; info: {"filename": "<testdata>/test_basic/transactions/Intelligent_Transactions_20201115-180120.CSV", "line": 13, "type": "text/csv"}

; features: []
2019-12-20 * "INCOME - DIV - ISHARES CORE MSCI EMERGING ETF"
  Assets:Schwab:Intelligent-4321:Cash   156.87 USD
    date: 2019-12-20
    schwab_action: "Special Dividend"
    source_desc: "ISHARES CORE MSCI EMERGING ETF"
  Income:Dividend:Schwab:IEMG          -156.87 USD

;; date: 2020-01-06
;; info: {"filename": "<testdata>/test_basic/transactions/Intelligent_Transactions_20201115-180120.CSV", "line": 12, "type": "text/csv"}

; features: []
2020-01-06 * "INCOME - DIV - VANECK VECTORS J.P. MORGAN EM LOCAL CURRENCYBOND ETF"
  Assets:Schwab:Intelligent-4321:Cash   51.77 USD
    date: 2020-01-06
    schwab_action: "Pr Yr Cash Div"
    source_desc: "VANECK VECTORS J.P. MORGAN EM LOCAL CURRENCYBOND ETF"
  Income:Dividend:Schwab:EMLC          -51.77 USD

;; date: 2020-01-10
;; info: {"filename": "<testdata>/test_basic/transactions/EAC_Checking_Transactions_20201223-160009.CSV", "line": 14, "type": "text/csv"}

; features: [
;             {
;               "amount": "-16.69 USD",
;               "date": "2020-01-10",
;               "key_value_pairs": {
;                 "desc": "ATM AT SOME BANK",
;                 "schwab_action": "ATM"
;               },
;               "source_account": "Assets:Schwab:Checking"
;             }
;           ]
2020-01-10 * "ATM - ATM AT SOME BANK"
  Assets:Schwab:Checking  -16.69 USD
    date: 2020-01-10
    schwab_action: "ATM"
    source_desc: "ATM AT SOME BANK"
  Expenses:FIXME           16.69 USD

;; date: 2020-01-12
;; info: {"filename": "<testdata>/test_basic/transactions/EAC_Checking_Transactions_20201223-160009.CSV", "line": 13, "type": "text/csv"}

; features: [
;             {
;               "amount": "-6.14 USD",
;               "date": "2020-01-12",
;               "key_value_pairs": {
;                 "desc": "COMPASS VENDING   BURNABY BC #000000190",
;                 "schwab_action": "VISA"
;               },
;               "source_account": "Assets:Schwab:Checking"
;             }
;           ]
2020-01-12 * "VISA - COMPASS VENDING   BURNABY BC #000000190"
  Assets:Schwab:Checking  -6.14 USD
    date: 2020-01-12
    schwab_action: "VISA"
    source_desc: "COMPASS VENDING   BURNABY BC #000000190"
  Expenses:FIXME           6.14 USD

;; date: 2020-01-31
;; info: {"filename": "<testdata>/test_basic/transactions/EAC_Checking_Transactions_20201223-160009.CSV", "line": 12, "type": "text/csv"}

; features: []
2020-01-31 * "INTEREST - Interest Paid"
  Assets:Schwab:Checking   0.09 USD
    date: 2020-01-31
    schwab_action: "INTADJUST"
    source_desc: "Interest Paid"
  Income:Interest:Schwab  -0.09 USD

;; date: 2020-03-17
;; info: {"filename": "<testdata>/test_basic/transactions/Intelligent_Transactions_20201115-180120.CSV", "line": 18, "type": "text/csv"}

; features: []
2020-03-17 * "BUYOPT - PUT SMALL CAP INDEX $32 EXP 04/01/20"
  Assets:Schwab:Intelligent-4321:SMAL040120203200P       100 SMAL040120203200P {12.53 USD}
    date: 2020-03-17
    schwab_action: "Buy to Open"
    source_desc: "PUT SMALL CAP INDEX $32 EXP 04/01/20"
  Assets:Schwab:Intelligent-4321:Cash               -1253.65 USD
    date: 2020-03-17
    schwab_action: "Buy to Open"
    source_desc: "PUT SMALL CAP INDEX $32 EXP 04/01/20"
  Expenses:Brokerage-Fees:Schwab                        0.65 USD

;; date: 2020-03-18
;; info: {"filename": "<testdata>/test_basic/transactions/Intelligent_Transactions_20201115-180120.CSV", "line": 19, "type": "text/csv"}

; features: []
2020-03-18 * "SELLOPT - PUT SMALL CAP INDEX $32 EXP 04/01/20"
  Assets:Schwab:Intelligent-4321:SMAL040120203200P     -100 SMAL040120203200P {} @ 15.66 USD
    date: 2020-03-18
    schwab_action: "Sell to Close"
    source_desc: "PUT SMALL CAP INDEX $32 EXP 04/01/20"
  Assets:Schwab:Intelligent-4321:Cash               1565.32 USD
    date: 2020-03-18
    schwab_action: "Sell to Close"
    source_desc: "PUT SMALL CAP INDEX $32 EXP 04/01/20"
  Income:Capital-Gains:Schwab:SMAL040120203200P
  Expenses:Brokerage-Fees:Schwab                       0.68 USD

;; date: 2020-03-27
;; info: {"filename": "<testdata>/test_basic/transactions/Intelligent_Transactions_20201115-180120.CSV", "line": 20, "type": "text/csv"}

; features: []
2020-03-27 * "SELLOPT - PUT SMALL CAP INDEX $10 EXP 06/19/20"
  Assets:Schwab:Intelligent-4321:SMAL061920201000P    -100 SMAL061920201000P {} @ 8.48 USD
    date: 2020-03-27
    schwab_action: "Sell to Open"
    source_desc: "PUT SMALL CAP INDEX $10 EXP 06/19/20"
  Assets:Schwab:Intelligent-4321:Cash               847.33 USD
    date: 2020-03-27
    schwab_action: "Sell to Open"
    source_desc: "PUT SMALL CAP INDEX $10 EXP 06/19/20"
  Expenses:Brokerage-Fees:Schwab                      0.67 USD

;; date: 2020-03-30
;; info: {"filename": "<testdata>/test_basic/transactions/Intelligent_Transactions_20201115-180120.CSV", "line": 22, "type": "text/csv"}

; features: []
2020-03-30 * "BUYOPT - CALL SMALL CAP INDEX $83 EXP 04/03/20"
  Assets:Schwab:Intelligent-4321:SMAL040320208300C     200 SMAL040320208300C {0.49 USD}
    date: 2020-03-30
    schwab_action: "Buy to Open"
    source_desc: "CALL SMALL CAP INDEX $83 EXP 04/03/20"
  Assets:Schwab:Intelligent-4321:Cash               -99.34 USD
    date: 2020-03-30
    schwab_action: "Buy to Open"
    source_desc: "CALL SMALL CAP INDEX $83 EXP 04/03/20"
  Expenses:Brokerage-Fees:Schwab                      1.34 USD

;; date: 2020-03-31
;; info: {"filename": "<testdata>/test_basic/transactions/Brokerage_Transactions_20201115-180021.CSV", "line": 11, "type": "text/csv"}

; features: []
2020-03-31 * "BUYOPT - EXPIRED - PUT SMALL CAP INDEX $124 EXP 03/31/21"
  Assets:Schwab:Brokerage-1234:SMAL0331202012400P    100 SMAL0331202012400P {23 USD}
    date: 2020-03-31
    schwab_action: "Expired"
    source_desc: "PUT SMALL CAP INDEX $124 EXP 03/31/21"
  Assets:Schwab:Brokerage-1234:Cash                -2290 USD
    date: 2020-03-31
    schwab_action: "Expired"
    source_desc: "PUT SMALL CAP INDEX $124 EXP 03/31/21"
  Income:Capital-Gains:Schwab:SMAL0331202012400P
  Expenses:Brokerage-Fees:Schwab                      10 USD

;; date: 2020-03-31
;; info: {"filename": "<testdata>/test_basic/transactions/Brokerage_Transactions_20201115-180021.CSV", "line": 10, "type": "text/csv"}

; features: []
2020-03-31 * "BUYOPT - EXPIRED - CALL SMALL CAP INDEX $184 EXP 03/31/21"
  Assets:Schwab:Brokerage-1234:SMAL0331202018400C  100 SMAL0331202018400C {0 USD}
    date: 2020-03-31
    schwab_action: "Expired"
    source_desc: "CALL SMALL CAP INDEX $184 EXP 03/31/21"
  Assets:Schwab:Brokerage-1234:Cash                  0 USD
    date: 2020-03-31
    schwab_action: "Expired"
    source_desc: "CALL SMALL CAP INDEX $184 EXP 03/31/21"
  Income:Capital-Gains:Schwab:SMAL0331202018400C

;; date: 2020-03-31
;; info: {"filename": "<testdata>/test_basic/transactions/Brokerage_Transactions_20201115-180021.CSV", "line": 9, "type": "text/csv"}

; features: []
2020-03-31 * "SELLOPT - EXPIRED - PUT SMALL CAP INDEX $84 EXP 03/31/21"
  Assets:Schwab:Brokerage-1234:SMAL033120208400P   100 SMAL033120208400P {} @ 1.1 USD
    date: 2020-03-31
    schwab_action: "Expired"
    source_desc: "PUT SMALL CAP INDEX $84 EXP 03/31/21"
  Assets:Schwab:Brokerage-1234:Cash               1095 USD
    date: 2020-03-31
    schwab_action: "Expired"
    source_desc: "PUT SMALL CAP INDEX $84 EXP 03/31/21"
  Income:Capital-Gains:Schwab:SMAL033120208400P
  Expenses:Brokerage-Fees:Schwab                     5 USD

;; date: 2020-03-31
;; info: {"filename": "<testdata>/test_basic/transactions/Brokerage_Transactions_20201115-180021.CSV", "line": 8, "type": "text/csv"}

; features: []
2020-03-31 * "SELLOPT - EXPIRED - PUT SPDR S&P 500 $284 EXP 03/31/21"
  Assets:Schwab:Brokerage-1234:SPY0331202028400P  100 SPY0331202028400P {} @ 0 USD
    date: 2020-03-31
    schwab_action: "Expired"
    source_desc: "PUT SPDR S&P 500 $284 EXP 03/31/21"
  Assets:Schwab:Brokerage-1234:Cash                 0 USD
    date: 2020-03-31
    schwab_action: "Expired"
    source_desc: "PUT SPDR S&P 500 $284 EXP 03/31/21"
  Income:Capital-Gains:Schwab:SPY0331202028400P

;; date: 2020-06-12
;; info: {"filename": "<testdata>/test_basic/transactions/Intelligent_Transactions_20201115-180120.CSV", "line": 21, "type": "text/csv"}

; features: []
2020-06-12 * "BUYOPT - PUT SMALL CAP INDEX $10 EXP 06/19/20"
  Assets:Schwab:Intelligent-4321:SMAL061920201000P    100 SMAL061920201000P {0.06 USD}
    date: 2020-06-12
    schwab_action: "Buy to Close"
    source_desc: "PUT SMALL CAP INDEX $10 EXP 06/19/20"
  Assets:Schwab:Intelligent-4321:Cash               -6.65 USD
    date: 2020-06-12
    schwab_action: "Buy to Close"
    source_desc: "PUT SMALL CAP INDEX $10 EXP 06/19/20"
  Income:Capital-Gains:Schwab:SMAL061920201000P
  Expenses:Brokerage-Fees:Schwab                     0.65 USD

;; date: 2020-08-24
;; info: {"filename": "<testdata>/test_basic/transactions/Intelligent_Transactions_20201115-180120.CSV", "line": 11, "type": "text/csv"}

; features: []
2020-08-24 * "BUYSTOCK - SCHWAB FUNDAMENTAL US SMALL COM ETF"
  Assets:Schwab:Intelligent-4321:FNDA       139 FNDA {34.8999 USD}
    date: 2020-08-24
    schwab_action: "Buy"
    source_desc: "SCHWAB FUNDAMENTAL US SMALL COM ETF"
  Assets:Schwab:Intelligent-4321:Cash  -4851.09 USD
    date: 2020-08-24
    schwab_action: "Buy"
    source_desc: "SCHWAB FUNDAMENTAL US SMALL COM ETF"

;; date: 2020-08-24
;; info: {"filename": "<testdata>/test_basic/transactions/Intelligent_Transactions_20201115-180120.CSV", "line": 10, "type": "text/csv"}

; features: []
2020-08-24 * "BUYSTOCK - SCHWAB US SMALL CAP ETF"
  Assets:Schwab:Intelligent-4321:SCHA       122 SCHA {71.0035 USD}
    date: 2020-08-24
    schwab_action: "Buy"
    source_desc: "SCHWAB US SMALL CAP ETF"
  Assets:Schwab:Intelligent-4321:Cash  -8662.43 USD
    date: 2020-08-24
    schwab_action: "Buy"
    source_desc: "SCHWAB US SMALL CAP ETF"

;; date: 2020-09-15
;; info: {"filename": "<testdata>/test_basic/transactions/Brokerage_Transactions_20201115-180021.CSV", "line": 7, "type": "text/csv"}

; features: []
2020-09-15 * "INTEREST - BANK INT 081620-091520 SCHWAB PREMIER BANK"
  Assets:Schwab:Brokerage-1234:Cash   0.05 USD
    date: 2020-09-15
    schwab_action: "Bank Interest"
    source_desc: "BANK INT 081620-091520 SCHWAB PREMIER BANK"
  Income:Interest:Schwab             -0.05 USD

;; date: 2020-10-15
;; info: {"filename": "<testdata>/test_basic/transactions/Intelligent_Transactions_20201115-180120.CSV", "line": 9, "type": "text/csv"}

; features: []
2020-10-15 * "INTEREST - BANK INT SCHWAB BANK"
  Assets:Schwab:Intelligent-4321:Cash   33.93 USD
    date: 2020-10-15
    schwab_action: "Bank Interest"
    source_desc: "BANK INT SCHWAB BANK"
  Income:Interest:Schwab               -33.93 USD

;; date: 2020-10-19
;; info: {"filename": "<testdata>/test_basic/transactions/Intelligent_Transactions_20201115-180120.CSV", "line": 8, "type": "text/csv"}

; features: [
;             {
;               "amount": "-4000.00 USD",
;               "date": "2020-10-19",
;               "key_value_pairs": {
;                 "desc": "Tfr SOME BANK",
;                 "schwab_action": "MoneyLink Transfer"
;               },
;               "source_account": "Assets:Schwab:Intelligent-4321:Cash"
;             }
;           ]
2020-10-19 * "TRANSFER - Tfr SOME BANK"
  Assets:Schwab:Intelligent-4321:Cash  -4000.00 USD
    date: 2020-10-19
    schwab_action: "MoneyLink Transfer"
    source_desc: "Tfr SOME BANK"
  Expenses:FIXME                        4000.00 USD

;; date: 2020-10-19
;; info: {"filename": "<testdata>/test_basic/transactions/Intelligent_Transactions_20201115-180120.CSV", "line": 7, "type": "text/csv"}

; features: []
2020-10-19 * "SELLSTOCK - SCHWAB FUNDAMENTAL US SMALL COM ETF"
  Assets:Schwab:Intelligent-4321:FNDA      -71 FNDA {} @ 35.6883 USD
    date: 2020-10-19
    schwab_action: "Sell"
    source_desc: "SCHWAB FUNDAMENTAL US SMALL COM ETF"
  Assets:Schwab:Intelligent-4321:Cash  2533.87 USD
    date: 2020-10-19
    schwab_action: "Sell"
    source_desc: "SCHWAB FUNDAMENTAL US SMALL COM ETF"
  Income:Capital-Gains:Schwab:FNDA

;; date: 2020-10-19
;; info: {"filename": "<testdata>/test_basic/transactions/Intelligent_Transactions_20201115-180120.CSV", "line": 6, "type": "text/csv"}

; features: []
2020-10-19 * "SELLSTOCK - SCHWAB US SMALL CAP ETF"
  Assets:Schwab:Intelligent-4321:SCHA      -81 SCHA {} @ 74.235 USD
    date: 2020-10-19
    schwab_action: "Sell"
    source_desc: "SCHWAB US SMALL CAP ETF"
  Assets:Schwab:Intelligent-4321:Cash  6013.04 USD
    date: 2020-10-19
    schwab_action: "Sell"
    source_desc: "SCHWAB US SMALL CAP ETF"
  Income:Capital-Gains:Schwab:SCHA

;; date: 2020-10-26
;; info: {"filename": "<testdata>/test_basic/transactions/EAC_Checking_Transactions_20201223-160009.CSV", "line": 11, "type": "text/csv"}

; features: [
;             {
;               "amount": "2500.00 USD",
;               "date": "2020-10-26",
;               "key_value_pairs": {
;                 "desc": "Electronic Deposit",
;                 "schwab_action": "ACH"
;               },
;               "source_account": "Assets:Schwab:Checking"
;             }
;           ]
2020-10-26 * "ACH - Electronic Deposit"
  Assets:Schwab:Checking   2500.00 USD
    date: 2020-10-26
    schwab_action: "ACH"
    source_desc: "Electronic Deposit"
  Expenses:FIXME          -2500.00 USD

;; date: 2020-10-27
;; info: {"filename": "<testdata>/test_basic/transactions/EAC_Checking_Transactions_20201223-160009.CSV", "line": 10, "type": "text/csv"}

; features: [
;             {
;               "amount": "1.56 USD",
;               "date": "2020-10-27",
;               "key_value_pairs": {
;                 "desc": "JPMorgan Chase Auth Crdt",
;                 "schwab_action": "ACH"
;               },
;               "source_account": "Assets:Schwab:Checking"
;             }
;           ]
2020-10-27 * "ACH - JPMorgan Chase Auth Crdt"
  Assets:Schwab:Checking   1.56 USD
    date: 2020-10-27
    schwab_action: "ACH"
    source_desc: "JPMorgan Chase Auth Crdt"
  Expenses:FIXME          -1.56 USD

;; date: 2020-10-27
;; info: {"filename": "<testdata>/test_basic/transactions/EAC_Checking_Transactions_20201223-160009.CSV", "line": 9, "type": "text/csv"}

; features: [
;             {
;               "amount": "-1.10 USD",
;               "date": "2020-10-27",
;               "key_value_pairs": {
;                 "desc": "JPMorgan Chase Auth Debit",
;                 "schwab_action": "ACH"
;               },
;               "source_account": "Assets:Schwab:Checking"
;             }
;           ]
2020-10-27 * "ACH - JPMorgan Chase Auth Debit"
  Assets:Schwab:Checking  -1.10 USD
    date: 2020-10-27
    schwab_action: "ACH"
    source_desc: "JPMorgan Chase Auth Debit"
  Expenses:FIXME           1.10 USD

;; date: 2020-11-01
;; info: {"filename": "<testdata>/test_basic/transactions/Brokerage_Transactions_20201115-180021.CSV", "line": 6, "type": "text/csv"}

; features: [
;             {
;               "amount": "300 FB",
;               "date": "2020-11-01",
;               "key_value_pairs": {
;                 "desc": "FACEBOOK INC CLASS A",
;                 "schwab_action": "Stock Plan Activity"
;               },
;               "source_account": "Assets:Schwab:Brokerage-1234:FB"
;             }
;           ]
2020-11-01 * "TRANSFER - FACEBOOK INC CLASS A"
  Assets:Schwab:Brokerage-1234:FB  300 FB {1 FIXME}
    date: 2020-11-01
    schwab_action: "Stock Plan Activity"
    source_desc: "FACEBOOK INC CLASS A"
  Expenses:FIXME

;; date: 2020-11-05
;; info: {"filename": "<testdata>/test_basic/transactions/Brokerage_Transactions_20201115-180021.CSV", "line": 5, "type": "text/csv"}

; features: []
2020-11-05 * "SELLSTOCK - FACEBOOK INC CLASS A"
  Assets:Schwab:Brokerage-1234:FB        -100 FB {} @ 261.50 USD
    date: 2020-11-05
    schwab_action: "Sell"
    source_desc: "FACEBOOK INC CLASS A"
  Assets:Schwab:Brokerage-1234:Cash  26143.94 USD
    date: 2020-11-05
    schwab_action: "Sell"
    source_desc: "FACEBOOK INC CLASS A"
  Income:Capital-Gains:Schwab:FB
  Expenses:Brokerage-Fees:Schwab         6.06 USD

;; date: 2020-11-06
;; info: {"filename": "<testdata>/test_basic/transactions/Intelligent_Transactions_20201115-180120.CSV", "line": 5, "type": "text/csv"}

; features: []
2020-11-06 * "INCOME - DIV - SCHWAB US TIPS ETF"
  Assets:Schwab:Intelligent-4321:Cash   136.69 USD
    date: 2020-11-06
    schwab_action: "Cash Dividend"
    source_desc: "SCHWAB US TIPS ETF"
  Income:Dividend:Schwab:SCHP          -136.69 USD

;; date: 2020-11-09
;; info: {"filename": "<testdata>/test_basic/transactions/Intelligent_Transactions_20201115-180120.CSV", "line": 4, "type": "text/csv"}

; features: []
2020-11-09 * "INCOME - DIV - XTRACKERS USD HIGH YIELDCOR BND ETF"
  Assets:Schwab:Intelligent-4321:Cash   92.16 USD
    date: 2020-11-09
    schwab_action: "Cash Dividend"
    source_desc: "XTRACKERS USD HIGH YIELDCOR BND ETF"
  Income:Dividend:Schwab:HYLB          -92.16 USD

;; date: 2020-11-10
;; info: {"filename": "<testdata>/test_basic/transactions/Brokerage_Transactions_20201115-180021.CSV", "line": 4, "type": "text/csv"}

; features: [
;             {
;               "amount": "-123.45 USD",
;               "date": "2020-11-10",
;               "key_value_pairs": {
;                 "desc": "JOURNAL TO 00004321",
;                 "schwab_action": "Journal"
;               },
;               "source_account": "Assets:Schwab:Brokerage-1234:Cash"
;             }
;           ]
2020-11-10 * "TRANSFER - JOURNAL TO 00004321"
  Assets:Schwab:Brokerage-1234:Cash  -123.45 USD
    date: 2020-11-10
    schwab_action: "Journal"
    source_desc: "JOURNAL TO 00004321"
  Expenses:FIXME                      123.45 USD

;; date: 2020-11-10
;; info: {"filename": "<testdata>/test_basic/transactions/Intelligent_Transactions_20201115-180120.CSV", "line": 3, "type": "text/csv"}

; features: [
;             {
;               "amount": "123.45 USD",
;               "date": "2020-11-10",
;               "key_value_pairs": {
;                 "desc": "JOURNAL FRM 00001234",
;                 "schwab_action": "Journal"
;               },
;               "source_account": "Assets:Schwab:Intelligent-4321:Cash"
;             }
;           ]
2020-11-10 * "TRANSFER - JOURNAL FRM 00001234"
  Assets:Schwab:Intelligent-4321:Cash   123.45 USD
    date: 2020-11-10
    schwab_action: "Journal"
    source_desc: "JOURNAL FRM 00001234"
  Expenses:FIXME                       -123.45 USD

;; date: 2020-11-13
;; info: {"filename": "<testdata>/test_basic/transactions/EAC_Checking_Transactions_20201223-160009.CSV", "line": 8, "type": "text/csv"}

; features: [
;             {
;               "amount": "10500.00 USD",
;               "date": "2020-11-13",
;               "key_value_pairs": {
;                 "desc": "JPMorgan Chase Ext Trnsfr",
;                 "schwab_action": "ACH"
;               },
;               "source_account": "Assets:Schwab:Checking"
;             }
;           ]
2020-11-13 * "ACH - JPMorgan Chase Ext Trnsfr"
  Assets:Schwab:Checking   10500.00 USD
    date: 2020-11-13
    schwab_action: "ACH"
    source_desc: "JPMorgan Chase Ext Trnsfr"
  Expenses:FIXME          -10500.00 USD

;; date: 2020-11-13
;; info: {"filename": "<testdata>/test_basic/transactions/EAC_Checking_Transactions_20201223-160009.CSV", "line": 7, "type": "text/csv"}

; features: [
;             {
;               "amount": "-10500.00 USD",
;               "date": "2020-11-13",
;               "key_value_pairs": {
;                 "desc": "Funds Transfer to Brokerage -9999",
;                 "schwab_action": "TRANSFER"
;               },
;               "source_account": "Assets:Schwab:Checking"
;             }
;           ]
2020-11-13 * "TRANSFER - Funds Transfer to Brokerage -9999"
  Assets:Schwab:Checking  -10500.00 USD
    date: 2020-11-13
    schwab_action: "TRANSFER"
    source_desc: "Funds Transfer to Brokerage -9999"
  Expenses:FIXME           10500.00 USD

;; date: 2020-11-13
;; info: {"filename": "<testdata>/test_basic/transactions/Intelligent_Transactions_20201115-180120.CSV", "line": 2, "type": "text/csv"}

; features: [
;             {
;               "amount": "18 HYLB",
;               "date": "2020-11-13",
;               "key_value_pairs": {
;                 "desc": "XTRACKERS USD HIGH YIELDCOR BND ETF",
;                 "schwab_action": "Stock Split"
;               },
;               "source_account": "Assets:Schwab:Intelligent-4321:HYLB"
;             }
;           ]
2020-11-13 * "STOCKSPLIT - XTRACKERS USD HIGH YIELDCOR BND ETF"
  Assets:Schwab:Intelligent-4321:HYLB   18 HYLB
    date: 2020-11-13
    schwab_action: "Stock Split"
    source_desc: "XTRACKERS USD HIGH YIELDCOR BND ETF"
  Expenses:FIXME                       -18 HYLB

;; date: 2020-11-15
;; info: {"filename": "<testdata>/test_basic/positions/All-Accounts-Positions-2020-11-15.CSV", "line": 5, "type": "text/csv"}

2020-11-15 balance Assets:Schwab:Brokerage-1234:Cash               0.00 USD

;; date: 2020-11-15
;; info: {"filename": "<testdata>/test_basic/positions/All-Accounts-Positions-2020-11-15.CSV", "line": 11, "type": "text/csv"}

2020-11-15 balance Assets:Schwab:Intelligent-4321:FNDA             100 FNDA

;; date: 2020-11-15
;; info: {"filename": "<testdata>/test_basic/positions/All-Accounts-Positions-2020-11-15.CSV", "line": 12, "type": "text/csv"}

2020-11-15 balance Assets:Schwab:Intelligent-4321:SCHA             100 SCHA

;; date: 2020-11-15
;; info: {"filename": "<testdata>/test_basic/positions/All-Accounts-Positions-2020-11-15.CSV", "line": 13, "type": "text/csv"}

2020-11-15 balance Assets:Schwab:Intelligent-4321:SMAL040120203200P 100 SMAL040120203200P

;; date: 2020-11-15
;; info: {"filename": "<testdata>/test_basic/positions/All-Accounts-Positions-2020-11-15.CSV", "line": 14, "type": "text/csv"}

2020-11-15 balance Assets:Schwab:Intelligent-4321:Cash             2000.00 USD

;; date: 2020-11-15
;; info: {"filename": "<testdata>/test_basic/positions/All-Accounts-Positions-2020-11-15.CSV", "line": 11, "type": "text/csv"}

2020-11-15 price FNDA                                38.30 USD

;; date: 2020-11-15
;; info: {"filename": "<testdata>/test_basic/positions/All-Accounts-Positions-2020-11-15.CSV", "line": 12, "type": "text/csv"}

2020-11-15 price SCHA                                78.97 USD

;; date: 2020-11-15
;; info: {"filename": "<testdata>/test_basic/positions/All-Accounts-Positions-2020-11-15.CSV", "line": 13, "type": "text/csv"}

2020-11-15 price SMAL040120203200P                   12.53 USD

;; date: 2020-11-19
;; info: {"filename": "<testdata>/test_basic/transactions/Brokerage_Transactions_20201115-180021.CSV", "line": 3, "type": "text/csv"}

; features: []
2020-11-19 * "PROMOTIONAL AWARD - PROMOTIONAL AWARD"
  Assets:Schwab:Brokerage-1234:Cash   300.00 USD
    date: 2020-11-19
    schwab_action: "Promotional Award"
    source_desc: "PROMOTIONAL AWARD"
  Income:Interest:Schwab             -300.00 USD

;; date: 2020-11-20
;; info: {"filename": "<testdata>/test_basic/transactions/Brokerage_Transactions_20201115-180021.CSV", "line": 2, "type": "text/csv"}

; features: []
2020-11-20 * "INCOME - DIV - ISHARES GLOBAL CLEAN ENERGY ETF"
  Assets:Schwab:Brokerage-1234:Cash   2.11 USD
    date: 2020-11-20
    schwab_action: "Pr Yr Special Div"
    source_desc: "ISHARES GLOBAL CLEAN ENERGY ETF"
  Income:Dividend:Schwab:ICLN        -2.11 USD

;; date: 2020-12-10
;; info: {"filename": "<testdata>/test_basic/transactions/Brokerage_Transactions_20201115-180021.CSV", "line": 12, "type": "text/csv"}

; features: [
;             {
;               "amount": "625.00 USD",
;               "date": "2020-12-10",
;               "key_value_pairs": {
;                 "desc": "Invest With Rewards",
;                 "schwab_action": "Funds Received"
;               },
;               "source_account": "Assets:Schwab:Brokerage-1234:Cash"
;             }
;           ]
2020-12-10 * "TRANSFER - Invest With Rewards"
  Assets:Schwab:Brokerage-1234:Cash   625.00 USD
    date: 2020-12-10
    schwab_action: "Funds Received"
    source_desc: "Invest With Rewards"
  Expenses:FIXME                     -625.00 USD

;; date: 2020-12-21
;; info: {"filename": "<testdata>/test_basic/positions/Intelligent-Positions-2020-11-30.CSV", "line": 4, "type": "text/csv"}

2020-12-21 balance Assets:Schwab:Intelligent-4321:SCHA             110 SCHA

;; date: 2020-12-21
;; info: {"filename": "<testdata>/test_basic/positions/Intelligent-Positions-2020-11-30.CSV", "line": 5, "type": "text/csv"}

2020-12-21 balance Assets:Schwab:Intelligent-4321:Cash             2953.34 USD

;; date: 2020-12-21
;; info: {"filename": "<testdata>/test_basic/positions/Intelligent-Positions-2020-11-30.CSV", "line": 4, "type": "text/csv"}

2020-12-21 price SCHA                                88.71 USD

;; date: 2020-12-31
;; info: {"filename": "<testdata>/test_basic/transactions/Brokerage_Transactions_20201115-180021.CSV", "line": 15, "type": "text/csv"}

; features: []
2020-12-31 * "INCOME - DIV - ARK INNOVATION ETF"
  Assets:Schwab:Brokerage-1234:Cash   0.09 USD
    date: 2020-12-31
    schwab_action: "Non-Qualified Div"
    source_desc: "ARK INNOVATION ETF"
  Income:Dividend:Schwab:ARKK        -0.09 USD

;; date: 2020-12-31
;; info: {"filename": "<testdata>/test_basic/transactions/Brokerage_Transactions_20201115-180021.CSV", "line": 14, "type": "text/csv"}

; features: []
2020-12-31 * "INCOME - CAP GAINS - ARK INNOVATION ETF"
  Assets:Schwab:Brokerage-1234:Cash   100 USD
    date: 2020-12-31
    schwab_action: "Long Term Cap Gain"
    source_desc: "ARK INNOVATION ETF"
  Income:Capital-Gains:Schwab:ARKK   -100 USD

;; date: 2020-12-31
;; info: {"filename": "<testdata>/test_basic/transactions/Brokerage_Transactions_20201115-180021.CSV", "line": 13, "type": "text/csv"}

; features: []
2020-12-31 * "INCOME - CAP GAINS - ARK INNOVATION ETF"
  Assets:Schwab:Brokerage-1234:Cash   1000 USD
    date: 2020-12-31
    schwab_action: "Short Term Cap Gain"
    source_desc: "ARK INNOVATION ETF"
  Income:Capital-Gains:Schwab:ARKK   -1000 USD

;; date: 2021-01-30
;; info: {"filename": "<testdata>/test_basic/transactions/Brokerage_Transactions_20201115-180021.CSV", "line": 16, "type": "text/csv"}

; features: []
2021-01-30 * "Credit Interest - SCHWAB1 INT 12/30-01/29"
  Assets:Schwab:Brokerage-1234:Cash   0.02 USD
    date: 2021-01-30
    schwab_action: "Credit Interest"
    source_desc: "SCHWAB1 INT 12/30-01/29"
  Income:Interest:Schwab             -0.02 USD

;; date: 2021-02-01
;; info: {"filename": "<testdata>/test_basic/transactions/EAC_Checking_Transactions_20201223-160009.CSV", "line": 6, "type": "text/csv"}

; features: [
;             {
;               "amount": "20000.00 USD",
;               "date": "2021-02-01",
;               "key_value_pairs": {
;                 "desc": "Incoming Wire Transfer",
;                 "schwab_action": "WIRE"
;               },
;               "source_account": "Assets:Schwab:Checking"
;             }
;           ]
2021-02-01 * "WIRE - Incoming Wire Transfer"
  Assets:Schwab:Checking   20000.00 USD
    date: 2021-02-01
    schwab_action: "WIRE"
    source_desc: "Incoming Wire Transfer"
  Expenses:FIXME          -20000.00 USD

;; date: 2021-02-15
;; info: {"filename": "<testdata>/test_basic/transactions/Brokerage_Transactions_20201115-180021.CSV", "line": 17, "type": "text/csv"}

; features: []
2021-02-15 * "BOND INTEREST - US TREASURY 1.375%08/50UST BOND DUE 08/15/50"
  Assets:Schwab:Brokerage-1234:Cash   6.87 USD
    date: 2021-02-15
    schwab_action: "Bond Interest"
    source_desc: "US TREASURY 1.375%08/50UST BOND DUE 08/15/50"
  Income:Interest:Schwab:912810SP4   -6.87 USD

;; date: 2021-02-16
;; info: {"filename": "<testdata>/test_basic/transactions/Intelligent_Transactions_20201115-180120.CSV", "line": 23, "type": "text/csv"}

; features: [
;             {
;               "amount": "-12.3456 GOOG",
;               "date": "2021-02-16",
;               "key_value_pairs": {
;                 "desc": "ALPHABET INC. CLASS C",
;                 "schwab_action": "Journaled Shares"
;               },
;               "source_account": "Assets:Schwab:Intelligent-4321:GOOG"
;             }
;           ]
2021-02-16 * "TRANSFER - ALPHABET INC. CLASS C"
  Assets:Schwab:Intelligent-4321:GOOG  -12.3456 GOOG
    date: 2021-02-16
    schwab_action: "Journaled Shares"
    source_desc: "ALPHABET INC. CLASS C"
  Expenses:FIXME                        12.3456 GOOG

;; date: 2021-03-22
;; info: {"filename": "<testdata>/test_basic/transactions/Intelligent_Transactions_20201115-180120.CSV", "line": 24, "type": "text/csv"}

; features: [
;             {
;               "amount": "-10 GOOG",
;               "date": "2021-03-22",
;               "key_value_pairs": {
;                 "desc": "ALPHABET INC. CLASS C",
;                 "schwab_action": "Security Transfer"
;               },
;               "source_account": "Assets:Schwab:Intelligent-4321:GOOG"
;             }
;           ]
2021-03-22 * "TRANSFER - ALPHABET INC. CLASS C"
  Assets:Schwab:Intelligent-4321:GOOG  -10 GOOG
    date: 2021-03-22
    schwab_action: "Security Transfer"
    source_desc: "ALPHABET INC. CLASS C"
  Expenses:FIXME                        10 GOOG

;; date: 2021-03-25
;; info: {"filename": "<testdata>/test_basic/transactions/Brokerage_Transactions_20201115-180021.CSV", "line": 19, "type": "text/csv"}

; features: []
2021-03-25 * "STOCKMERGER - QUQUZETA CORP - SPAC MERGER CORP XXXMANDATORY MERGER EFF: 03/25/21"
  Assets:Schwab:Brokerage-1234:SPAC1  -100 SPAC1 {}
    date: 2021-03-25
    schwab_action: "Stock Merger"
    source_desc: "SPAC MERGER CORP XXXMANDATORY MERGER EFF: 03/25/21"
  Assets:Schwab:Brokerage-1234:QQZ     100 QQZ {"merger"}
    date: 2021-03-25
    schwab_action: "Stock Merger"
    source_desc: "SPAC MERGER CORP XXXMANDATORY MERGER EFF: 03/25/21"

;; date: 2021-05-25
;; info: {"filename": "<testdata>/test_basic/transactions/Intelligent_Transactions_20201115-180120.CSV", "line": 25, "type": "text/csv"}

; features: []
2021-05-25 * "INCOME - DIV - ISHARES GOLD ETF"
  Assets:Schwab:Intelligent-4321:Cash   18.02 USD
    date: 2021-05-25
    schwab_action: "Cash In Lieu"
    source_desc: "ISHARES GOLD ETF"
  Income:Dividend:Schwab:IAU           -18.02 USD

;; date: 2021-05-26
;; info: {"filename": "<testdata>/test_basic/transactions/Intelligent_Transactions_20201115-180120.CSV", "line": 26, "type": "text/csv"}

; features: [
;             {
;               "amount": "2000.00 USD",
;               "date": "2021-05-26",
;               "key_value_pairs": {
;                 "desc": "Tfr SOME BANK",
;                 "schwab_action": "MoneyLink Deposit"
;               },
;               "source_account": "Assets:Schwab:Intelligent-4321:Cash"
;             }
;           ]
2021-05-26 * "TRANSFER - Tfr SOME BANK"
  Assets:Schwab:Intelligent-4321:Cash   2000.00 USD
    date: 2021-05-26
    schwab_action: "MoneyLink Deposit"
    source_desc: "Tfr SOME BANK"
  Expenses:FIXME                       -2000.00 USD

;; date: 2021-07-30
;; info: {"filename": "<testdata>/test_basic/transactions/EAC_Checking_Transactions_20201223-160009.CSV", "line": 5, "type": "text/csv"}

; features: []
2021-07-30 * "ATMREBATE - ATM Fee Rebate"
  Assets:Schwab:Checking      3.00 USD
    date: 2021-07-30
    schwab_action: "ATMREBATE"
    source_desc: "ATM Fee Rebate"
  Expenses:Bank-Fees:Schwab  -3.00 USD

;; date: 2021-11-01
;; info: {"filename": "<testdata>/test_basic/transactions/EAC_Checking_Transactions_20201223-160009.CSV", "line": 16, "type": "text/csv"}

; features: [
;             {
;               "amount": "1234.56 USD",
;               "date": "2021-11-01",
;               "key_value_pairs": {
;                 "desc": "Deposit Mobile Banking",
;                 "schwab_action": "DEPOSIT"
;               },
;               "source_account": "Assets:Schwab:Checking"
;             }
;           ]
2021-11-01 * "DEPOSIT - Deposit Mobile Banking"
  Assets:Schwab:Checking   1234.56 USD
    date: 2021-11-01
    schwab_action: "DEPOSIT"
    source_desc: "Deposit Mobile Banking"
  Expenses:FIXME          -1234.56 USD

;; date: 2022-04-20
;; info: {"filename": "<testdata>/test_basic/transactions/Brokerage_Transactions_20201115-180021.CSV", "line": 20, "type": "text/csv"}

; features: []
2022-04-20 * "INCOME - DIV - ISHARES GLOBAL CLEAN ENERGY ETF"
  Assets:Schwab:Brokerage-1234:Cash   2.11 USD
    date: 2022-04-20
    schwab_action: "Pr Yr Div Reinvest"
    source_desc: "ISHARES GLOBAL CLEAN ENERGY ETF"
  Income:Dividend:Schwab:ICLN        -2.11 USD

;; date: 2022-04-21
;; info: {"filename": "<testdata>/test_basic/transactions/Brokerage_Transactions_20201115-180021.CSV", "line": 21, "type": "text/csv"}

; features: []
2022-04-21 * "INCOME - DIV - ISHARES GLOBAL CLEAN ENERGY ETF"
  Assets:Schwab:Brokerage-1234:Cash   2.11 USD
    date: 2022-04-21
    schwab_action: "Long Term Cap Gain Reinvest"
    source_desc: "ISHARES GLOBAL CLEAN ENERGY ETF"
  Income:Dividend:Schwab:ICLN        -2.11 USD

;; date: 2022-04-22
;; info: {"filename": "<testdata>/test_basic/transactions/Brokerage_Transactions_20201115-180021.CSV", "line": 22, "type": "text/csv"}

; features: []
2022-04-22 * "INCOME - DIV - ISHARES GLOBAL CLEAN ENERGY ETF"
  Assets:Schwab:Brokerage-1234:Cash   2.11 USD
    date: 2022-04-22
    schwab_action: "Short Term Cap Gain Reinvest"
    source_desc: "ISHARES GLOBAL CLEAN ENERGY ETF"
  Income:Dividend:Schwab:ICLN        -2.11 USD
